% This file was created with JabRef 2.10.
% Encoding: UTF8
% Doppel geschweifte Klammer benutzen für vollen Authorstring

@TechReport{tigers,
  Title                    = {Computing Gr\"obner Fans of Toric Ideals},
  Author                   = {{Birkett Huber and Rekha R. Thomas}},
  Institution              = {Institute for Defense Analysis, United States,
Department of Mathematic, University of Washington},
  Year                     = {1999},

  Owner                    = {Daniel},
  Timestamp                = {2014.07.10}
}

@Book{coxOshea,
  Title                    = {Ideals, Varieties, and Algorithms: An Introduction to Computational Algebraic Geometry and Commutative Algebra, 3/e (Undergraduate Texts in Mathematics)},
  Author                   = {{Cox , David A. and Little, John and O'Shea, Donal}},
  Publisher                = {Springer-Verlag New York, Inc.},
  Year                     = {2007},

  Address                  = {Secaucus, NJ, USA},

  Owner                    = {Daniel},
  Timestamp                = {2014.07.09}
}

@Unpublished{dueckpaper,
  Title                    = {Computation of the d.c. Gr\"obner fan},
  Author                   = {{Natalia D\"uck}},

  Month                    = {April},
  Year                     = {2014},

  Owner                    = {Daniel},
  Timestamp                = {2014.07.10}
}

@Electronic{doxygen,
  Title                    = {Doxygen},
  Author                   = {{Dimitri van Heesch}},
  Month                    = {April},
  Url                      = {http://www.stack.nl/~dimitri/doxygen/},
  Year                     = {2014},

  Owner                    = {Daniel},
  Timestamp                = {2014.07.18}
}

@Electronic{gfan,
  Title                    = {The Gfan Homepage},
  Author                   = {{Anders Nedergaard Jensen}},
  Language                 = {English},
  Month                    = {April},
  Url                      = {http://home.imf.au.dk/jensen/software/gfan/gfan.html},
  Year                     = {2005},

  Owner                    = {Daniel},
  Timestamp                = {2014.07.10}
}

@Electronic{cats,
  Title                    = {CaTS version 2.2: A User's Manual},
  Author                   = {{Anders Nedergaard Jensen}},
  Month                    = {November},
  Url                      = {http://www.soopadoopa.dk/anders/cats/cats.html},
  Year                     = {2003},

  Owner                    = {Daniel},
  Timestamp                = {2014.07.15}
}

@Article{dueckjournal,
  Title                    = {Universal Gröbner bases for binary linear codes},
  Author                   = {{Natalia Dück and Karl-Heinz Zimmermann}},
  Journal                  = {International Journal of Pure and Applied Mathematics},
  Year                     = {2013},

  Owner                    = {Daniel},
  Timestamp                = {2014.07.10}
}

@PhdThesis{saleemi,
  Title                    = {Coding Theory via Groebner Bases},
  Author                   = {{Mehwish Saleemi}},
  School                   = {Technische Universitat Hamburg-Harburg},
  Year                     = {2012},

  Owner                    = {Daniel},
  Timestamp                = {2014.07.10}
}

@Book{KHZ,
  Title                    = {Algebraic Statistics},
  Author                   = {{Karl-Heinz Zimmermann}},
  Year                     = {2009},
  Month                    = {July},

  Owner                    = {Daniel},
  Timestamp                = {2014.07.09}
}

